[{"amount":1.0,"direction":"buy","price":1.0201,"timestamp":"2025-09-05T12:16:24.911140","token":"EPjFWdd5AufqSSqeM2qN1xzybapC8G4wEGGkZsaAkJ9"},{"amount":1.0,"direction":"buy","price":1.0201,"timestamp":"2025-09-05T12:17:35.496432","token":"EPjFWdd5AufqSSqeM2qN1xzybapC8G4wEGGkZsaAkJ9"},{"amount":1.0,"direction":"sell","price":0.9894,"timestamp":"2025-09-05T12:17:37.002914","token":"Es9vMFrzaCERmJfrF4H2FYD4KCoNkY11McCe8BenwNYB"},{"amount":1.0,"direction":"buy","price":1.0201,"timestamp":"2025-09-05T12:17:57.384162","token":"EPjFWdd5AufqSSqeM2qN1xzybapC8G4wEGGkZsaAkJ9"},{"amount":1.0,"direction":"sell","price":0.9894,"timestamp":"2025-09-05T12:17:58.897494","token":"Es9vMFrzaCERmJfrF4H2FYD4KCoNkY11McCe8BenwNYB"},{"amount":1.0,"direction":"buy","price":1.01,"timestamp":"2025-09-05T12:18:00.403379","token":"So11111111111111111111111111111111111111112"},{"amount":1.0,"direction":"sell","price":0.989497,"timestamp":"2025-09-05T12:18:01.918068","token":"EPjFWdd5AufqSSqeM2qN1xzybapC8G4wEGGkZsaAkJ9"},{"amount":1.0,"direction":"buy","price":1.0201,"timestamp":"2025-09-05T12:18:21.208799","token":"EPjFWdd5AufqSSqeM2qN1xzybapC8G4wEGGkZsaAkJ9"},{"amount":1.0,"direction":"sell","price":0.9894,"timestamp":"2025-09-05T12:18:22.718494","token":"Es9vMFrzaCERmJfrF4H2FYD4KCoNkY11McCe8BenwNYB"},{"amount":1.0,"direction":"buy","price":1.01,"timestamp":"2025-09-05T12:18:24.237730","token":"So11111111111111111111111111111111111111112"},{"amount":1.0,"direction":"sell","price":0.989497,"timestamp":"2025-09-05T12:18:25.760957","token":"EPjFWdd5AufqSSqeM2qN1xzybapC8G4wEGGkZsaAkJ9"},{"amount":1.0,"direction":"buy","price":1.0201,"timestamp":"2025-09-05T12:22:24.456613","token":"EPjFWdd5AufqSSqeM2qN1xzybapC8G4wEGGkZsaAkJ9"},{"amount":1.0,"direction":"sell","price":0.9894,"timestamp":"2025-09-05T12:22:25.970318","token":"Es9vMFrzaCERmJfrF4H2FYD4KCoNkY11McCe8BenwNYB"},{"amount":1.0,"direction":"buy","price":1.01,"timestamp":"2025-09-05T12:22:27.480262","token":"So11111111111111111111111111111111111111112"},{"amount":1.0,"direction":"sell","price":0.989497,"timestamp":"2025-09-05T12:22:28.994900","token":"EPjFWdd5AufqSSqeM2qN1xzybapC8G4wEGGkZsaAkJ9"},{"amount":1.0,"direction":"buy","price":0.9992939999999999,"timestamp":"2025-09-05T12:22:30.509811","token":"Es9vMFrzaCERmJfrF4H2FYD4KCoNkY11McCe8BenwNYB"},{"amount":1.0,"direction":"sell","price":0.9797,"timestamp":"2025-09-05T12:22:32.021040","token":"So11111111111111111111111111111111111111112"},{"amount":1.0,"direction":"buy","price":0.99939197,"timestamp":"2025-09-05T12:22:33.534901","token":"EPjFWdd5AufqSSqeM2qN1xzybapC8G4wEGGkZsaAkJ9"},{"amount":1.0,"direction":"sell","price":0.9693151799999998,"timestamp":"2025-09-05T12:22:35.044410","token":"Es9vMFrzaCERmJfrF4H2FYD4KCoNkY11McCe8BenwNYB"},{"amount":1.0,"direction":"buy","price":0.9894970000000001,"timestamp":"2025-09-05T12:22:36.553323","token":"So11111111111111111111111111111111111111112"},{"amount":1.0,"direction":"sell","price":0.9694102109,"timestamp":"2025-09-05T12:22:38.068681","token":"EPjFWdd5AufqSSqeM2qN1xzybapC8G4wEGGkZsaAkJ9"},{"amount":1.0,"direction":"buy","price":0.9790083317999998,"timestamp":"2025-09-05T12:22:39.582931","token":"Es9vMFrzaCERmJfrF4H2FYD4KCoNkY11McCe8BenwNYB"},{"amount":1.0,"direction":"sell","price":0.95981209,"timestamp":"2025-09-05T12:22:41.097544","token":"So11111111111111111111111111111111111111112"},{"amount":1.0,"direction":"buy","price":0.979104313009,"timestamp":"2025-09-05T12:22:42.614646","token":"EPjFWdd5AufqSSqeM2qN1xzybapC8G4wEGGkZsaAkJ9"},{"amount":1.0,"direction":"sell","price":0.9496380818459997,"timestamp":"2025-09-05T12:22:44.129337","token":"Es9vMFrzaCERmJfrF4H2FYD4KCoNkY11McCe8BenwNYB"},{"amount":1.0,"direction":"buy","price":0.9694102109,"timestamp":"2025-09-05T12:22:45.644178","token":"So11111111111111111111111111111111111111112"},{"amount":1.0,"direction":"sell","price":0.94973118361873,"timestamp":"2025-09-05T12:22:47.169816","token":"EPjFWdd5AufqSSqeM2qN1xzybapC8G4wEGGkZsaAkJ9"},{"amount":1.0,"direction":"buy","price":0.9591344626644598,"timestamp":"2025-09-05T12:22:48.684687","token":"Es9vMFrzaCERmJfrF4H2FYD4KCoNkY11McCe8BenwNYB"},{"amount":1.0,"direction":"sell","price":0.940327904573,"timestamp":"2025-09-05T12:22:50.201554","token":"So11111111111111111111111111111111111111112"},{"amount":1.0,"direction":"buy","price":0.9592284954549173,"timestamp":"2025-09-05T12:22:51.717967","token":"EPjFWdd5AufqSSqeM2qN1xzybapC8G4wEGGkZsaAkJ9"},{"amount":1.0,"direction":"sell","price":0.930360428784526,"timestamp":"2025-09-05T12:22:53.231693","token":"Es9vMFrzaCERmJfrF4H2FYD4KCoNkY11McCe8BenwNYB"},{"amount":1.0,"direction":"buy","price":0.94973118361873,"timestamp":"2025-09-05T12:22:54.745414","token":"So11111111111111111111111111111111111111112"},{"amount":1.0,"direction":"sell","price":0.9304516405912697,"timestamp":"2025-09-05T12:22:56.258893","token":"EPjFWdd5AufqSSqeM2qN1xzybapC8G4wEGGkZsaAkJ9"},{"amount":1.0,"direction":"buy","price":0.9396640330723712,"timestamp":"2025-09-05T12:22:57.771932","token":"Es9vMFrzaCERmJfrF4H2FYD4KCoNkY11McCe8BenwNYB"},{"amount":1.0,"direction":"sell","price":0.9212392481101681,"timestamp":"2025-09-05T12:22:59.289703","token":"So11111111111111111111111111111111111111112"},{"amount":1.0,"direction":"buy","price":0.9397561569971824,"timestamp":"2025-09-05T12:23:00.805847","token":"EPjFWdd5AufqSSqeM2qN1xzybapC8G4wEGGkZsaAkJ9"},{"amount":1.0,"direction":"sell","price":0.9114741120802,"timestamp":"2025-09-05T12:23:02.320303","token":"Es9vMFrzaCERmJfrF4H2FYD4KCoNkY11McCe8BenwNYB"},{"amount":1.0,"direction":"buy","price":0.9304516405912698,"timestamp":"2025-09-05T12:23:03.834541","token":"So11111111111111111111111111111111111111112"},{"amount":1.0,"direction":"sell","price":0.9115634722872669,"timestamp":"2025-09-05T12:23:05.354671","token":"EPjFWdd5AufqSSqeM2qN1xzybapC8G4wEGGkZsaAkJ9"},{"amount":1.0,"direction":"buy","price":0.920588853201002,"timestamp":"2025-09-05T12:23:06.866068","token":"Es9vMFrzaCERmJfrF4H2FYD4KCoNkY11McCe8BenwNYB"},{"amount":1.0,"direction":"sell","price":0.9025380913735317,"timestamp":"2025-09-05T12:23:08.374361","token":"So11111111111111111111111111111111111111112"},{"amount":1.0,"direction":"buy","price":0.9206791070101396,"timestamp":"2025-09-05T12:23:09.886215","token":"EPjFWdd5AufqSSqeM2qN1xzybapC8G4wEGGkZsaAkJ9"},{"amount":1.0,"direction":"sell","price":0.892971187604972,"timestamp":"2025-09-05T12:23:11.402480","token":"Es9vMFrzaCERmJfrF4H2FYD4KCoNkY11McCe8BenwNYB"},{"amount":1.0,"direction":"buy","price":0.911563472287267,"timestamp":"2025-09-05T12:23:12.918937","token":"So11111111111111111111111111111111111111112"},{"amount":1.0,"direction":"sell","price":0.8930587337998354,"timestamp":"2025-09-05T12:23:14.438413","token":"EPjFWdd5AufqSSqeM2qN1xzybapC8G4wEGGkZsaAkJ9"},{"amount":1.0,"direction":"buy","price":0.9019008994810217,"timestamp":"2025-09-05T12:23:15.955483","token":"Es9vMFrzaCERmJfrF4H2FYD4KCoNkY11McCe8BenwNYB"},{"amount":1.0,"direction":"sell","price":0.8842165681186489,"timestamp":"2025-09-05T12:23:17.468895","token":"So11111111111111111111111111111111111111112"},{"amount":1.0,"direction":"buy","price":0.9019893211378337,"timestamp":"2025-09-05T12:23:18.985792","token":"EPjFWdd5AufqSSqeM2qN1xzybapC8G4wEGGkZsaAkJ9"},{"amount":1.0,"direction":"sell","price":0.874843872496591,"timestamp":"2025-09-05T12:23:20.497510","token":"Es9vMFrzaCERmJfrF4H2FYD4KCoNkY11McCe8BenwNYB"},{"amount":1.0,"direction":"buy","price":0.8930587337998354,"timestamp":"2025-09-05T12:23:22.012515","token":"So11111111111111111111111111111111111111112"}]
