[{"amount":1.0,"direction":"buy","price":1.0201,"timestamp":"2025-09-05T12:16:24.911140","token":"EPjFWdd5AufqSSqeM2qN1xzybapC8G4wEGGkZsaAkJ9"},{"amount":1.0,"direction":"buy","price":1.0201,"timestamp":"2025-09-05T12:17:35.496432","token":"EPjFWdd5AufqSSqeM2qN1xzybapC8G4wEGGkZsaAkJ9"},{"amount":1.0,"direction":"sell","price":0.9894,"timestamp":"2025-09-05T12:17:37.002914","token":"Es9vMFrzaCERmJfrF4H2FYD4KCoNkY11McCe8BenwNYB"},{"amount":1.0,"direction":"buy","price":1.0201,"timestamp":"2025-09-05T12:17:57.384162","token":"EPjFWdd5AufqSSqeM2qN1xzybapC8G4wEGGkZsaAkJ9"},{"amount":1.0,"direction":"sell","price":0.9894,"timestamp":"2025-09-05T12:17:58.897494","token":"Es9vMFrzaCERmJfrF4H2FYD4KCoNkY11McCe8BenwNYB"},{"amount":1.0,"direction":"buy","price":1.01,"timestamp":"2025-09-05T12:18:00.403379","token":"So11111111111111111111111111111111111111112"},{"amount":1.0,"direction":"sell","price":0.989497,"timestamp":"2025-09-05T12:18:01.918068","token":"EPjFWdd5AufqSSqeM2qN1xzybapC8G4wEGGkZsaAkJ9"},{"amount":1.0,"direction":"buy","price":1.0201,"timestamp":"2025-09-05T12:18:21.208799","token":"EPjFWdd5AufqSSqeM2qN1xzybapC8G4wEGGkZsaAkJ9"},{"amount":1.0,"direction":"sell","price":0.9894,"timestamp":"2025-09-05T12:18:22.718494","token":"Es9vMFrzaCERmJfrF4H2FYD4KCoNkY11McCe8BenwNYB"},{"amount":1.0,"direction":"buy","price":1.01,"timestamp":"2025-09-05T12:18:24.237730","token":"So11111111111111111111111111111111111111112"},{"amount":1.0,"direction":"sell","price":0.989497,"timestamp":"2025-09-05T12:18:25.760957","token":"EPjFWdd5AufqSSqeM2qN1xzybapC8G4wEGGkZsaAkJ9"},{"amount":1.0,"direction":"buy","price":1.0201,"timestamp":"2025-09-05T12:22:24.456613","token":"EPjFWdd5AufqSSqeM2qN1xzybapC8G4wEGGkZsaAkJ9"},{"amount":1.0,"direction":"sell","price":0.9894,"timestamp":"2025-09-05T12:22:25.970318","token":"Es9vMFrzaCERmJfrF4H2FYD4KCoNkY11McCe8BenwNYB"},{"amount":1.0,"direction":"buy","price":1.01,"timestamp":"2025-09-05T12:22:27.480262","token":"So11111111111111111111111111111111111111112"}]
